@article{paratext,
 author = {Lefebvre, Sylvain and Hoppe, Hugues},
 title = {Parallel controllable texture synthesis},
 journal = {ACM Trans. Graph.},
 issue_date = {July 2005},
 volume = {24},
 number = {3},
 month = jul,
 year = {2005},
 issn = {0730-0301},
 pages = {777--786},
 numpages = {10},
 url = {http://doi.acm.org/10.1145/1073204.1073261},
 doi = {10.1145/1073204.1073261},
 acmid = {1073261},
 publisher = {ACM},
 address = {New York, NY, USA},
 keywords = {Gaussian stack, coordinate jitter, data amplification, neighborhood matching, runtime content synthesis, synthesis magnification},
}

@inproceedings{ashikhmin,
 author = {Ashikhmin, Michael},
 title = {Synthesizing natural textures},
 booktitle = {Proceedings of the 2001 symposium on Interactive 3D graphics},
 series = {I3D '01},
 year = {2001},
 isbn = {1-58113-292-1},
 pages = {217--226},
 numpages = {10},
 url = {http://doi.acm.org/10.1145/364338.364405},
 doi = {10.1145/364338.364405},
 acmid = {364405},
 publisher = {ACM},
 address = {New York, NY, USA},
 keywords = {texture synthesys, user interaction},
} 

@article{btf,
 author = {Tong, Xin and Zhang, Jingdan and Liu, Ligang and Wang, Xi and Guo, Baining and Shum, Heung-Yeung},
 title = {Synthesis of bidirectional texture functions on arbitrary surfaces},
 journal = {ACM Trans. Graph.},
 issue_date = {July 2002},
 volume = {21},
 number = {3},
 month = jul,
 year = {2002},
 issn = {0730-0301},
 pages = {665--672},
 numpages = {8},
 url = {http://doi.acm.org/10.1145/566654.566634},
 doi = {10.1145/566654.566634},
 acmid = {566634},
 publisher = {ACM},
 address = {New York, NY, USA},
 keywords = {3D textons, bidirectional texture function, reflectance and shading models, surfaces, texture mapping, texture synthesis},
}
